<record><leader>00000cas a22000007a 4500</leader><controlfield tag="001">10902168</controlfield><controlfield tag="008">840629d19611970mtuwr ne      0    0eng d</controlfield><controlfield tag="009">4661</controlfield><datafield ind1=" " ind2=" " tag="010"><subfield code="a">sn 84036105 </subfield></datafield><datafield ind1=" " ind2=" " tag="040"><subfield code="a">MTL</subfield><subfield code="b">eng</subfield><subfield code="c">MTL</subfield><subfield code="d">OCLCQ</subfield></datafield><datafield ind1=" " ind2=" " tag="042"><subfield code="a">msc</subfield></datafield><datafield ind1="0" ind2="0" tag="245"><subfield code="a">Hot Springs citizen.</subfield></datafield><datafield ind1=" " ind2=" " tag="260"><subfield code="a">Hot Springs, Mont. :</subfield><subfield code="b">D. Nordhagen,</subfield><subfield code="c">1961-1970.</subfield></datafield><datafield ind1=" " ind2=" " tag="300"><subfield code="a">9 v. :</subfield><subfield code="b">ill. ;</subfield><subfield code="c">40 cm.</subfield></datafield><datafield ind1=" " ind2=" " tag="310"><subfield code="a">Weekly</subfield></datafield><datafield ind1="0" ind2=" " tag="362"><subfield code="a">Vol. 1, no. 1 (Dec. 22, 1961)-v. 9, no. 27 (July 30, 1970).</subfield></datafield><datafield ind1=" " ind2=" " tag="500"><subfield code="a">Publisher varies.</subfield></datafield><datafield ind1=" " ind2=" " tag="515"><subfield code="a">Suspended: Jan. 25-Feb. 22, 1968.</subfield></datafield><datafield ind1=" " ind2=" " tag="580"><subfield code="a">Issued with: Ronan pioneer (Ronan, Mont. : 1910), Dec. 25, 1969 and Jan. 1, 1970.</subfield></datafield><datafield ind1=" " ind2=" " tag="752"><subfield code="a">United States</subfield><subfield code="b">Montana</subfield><subfield code="c">Sanders</subfield><subfield code="d">Hot Springs.</subfield></datafield><datafield ind1="0" ind2="7" tag="785"><subfield code="t">Ronan pioneer (Ronan, Mont. : 1910)</subfield><subfield code="w">(DLC)sn 86075298</subfield></datafield><datafield ind1="0" ind2="7" tag="785"><subfield code="t">Ronan pioneer and the Hot Springs citizen</subfield><subfield code="w">(DLC)sn 86075297</subfield></datafield></record>